@PREAMBLE{
 "\providecommand{\noopsort}[1]{}" 
 # "\providecommand{\singleletter}[1]{#1}%" 
}


@ARTICLE{Abraham2010,
          doi = {10.1016/j.nima.2010.04.023},
          url = {https://doi.org/10.1016/j.nima.2010.04.023},
         year = {2010},
        month = aug,
    publisher = {Elsevier {BV}},
       volume = {620},
       number = {2-3},
        pages = {227--251},
       author = {J. Abraham and others},
      journal = {Nuclear Instruments and Methods in Physics Research Section A: Accelerators,  Spectrometers,  Detectors and Associated Equipment}
}


@ARTICLE{Alcock2001,
          doi = {10.1086/319636},
          url = {https://doi.org/10.1086/319636},
         year = {2001},
        month = apr,
    publisher = {{IOP} Publishing},
       volume = {550},
       number = {2},
        pages = {L169--L172},
       author = {C. Alcock and others},
        title = {{MACHO} Project Limits on Black Hole Dark Matter in the 1{\textendash}30 [{ITAL}]M[/{ITAL}][{TINF}]$\odot$[/{TINF}] Range},
      journal = {The Astrophysical Journal}
}


@article{Babich2012,
       author = {Babich, Leonid P. and Bochkov, EvgeniÄ­ I. and Dwyer, Joseph R. and Kutsyk, Igor M.},
        title = {Numerical simulations of local thundercloud field enhancements caused by runaway avalanches seeded by cosmic rays and their role in lightning initiation},
      journal = {Journal of Geophysical Research: Space Physics},
       volume = {117},
       number = {A9},
     keywords = {cosmic rays, lightning, runaway electrons, thunderstorms},
          doi = {10.1029/2012JA017799},
         year = {2012}
}


@ARTICLE{Bovy2012,
          doi = {10.1088/0004-637x/756/1/89},
          url = {https://doi.org/10.1088/0004-637x/756/1/89},
         year = {2012},
        month = aug,
    publisher = {{IOP} Publishing},
       volume = {756},
       number = {1},
        pages = {89},
       author = {Jo Bovy and Scott Tremaine},
        title = {{ON} {THE} {LOCAL} {DARK} {MATTER} {DENSITY}},
      journal = {The Astrophysical Journal}
}

@ARTICLE{Brown2018,
       author = {{Brown}, Shannon and {Janssen}, Michael and {Adumitroaie}, Virgil and
         {Atreya}, Sushil and {Bolton}, Scott and {Gulkis}, Samuel and
         {Ingersoll}, Andrew and {Levin}, Steven and {Li}, Cheng and
         {Li}, Liming and {Lunine}, Jonathan and {Misra}, Sidharth and
         {Orton}, Glenn and {Steffes}, Paul and {Tabataba-Vakili}, Fachreddin and
         {Kolma{\v{s}}ov{\'a}}, Ivana and {Imai}, Masafumi and
         {Santol{\'\i}k}, Ond{\v{r}}ej and {Kurth}, William and
         {Hospodarsky}, George and {Gurnett}, Donald and {Connerney}, John},
        title = "{Prevalent lightning sferics at 600 megahertz near Jupiter's poles}",
      journal = {\nat},
         year = 2018,
        month = jun,
       volume = {558},
       number = {7708},
        pages = {87-90},
          doi = {10.1038/s41586-018-0156-5},
       adsurl = {https://ui.adsabs.harvard.edu/abs/2018Natur.558...87B},
      adsnote = {Provided by the SAO/NASA Astrophysics Data System}
}


@ARTICLE{Capitelli2000, 
       author = {Capitelli, M and Colonna, G and Gorse, C and D'Angola, A}, 
        title = {Transport {P}roperties of {H}igh {T}emperature {A}ir in {L}ocal {T}hermodynamic {E}quilibrium}, 
      journal = {Euro. Phys. Jour. D},
       volume = {11},
        pages = {278-289},
         year = {2000}
}


@ARTICLE{Carr2010,
          doi = {10.1103/physrevd.81.104019},
          url = {https://doi.org/10.1103/physrevd.81.104019},
         year = {2010},
        month = may,
    publisher = {American Physical Society ({APS})},
       volume = {81},
       number = {10},
        pages = {104019},
       author = {B. J. Carr and Kazunori Kohri and Yuuiti Sendouda and Jun'ichi Yokoyama},
        title = {New cosmological constraints on primordial black holes},
      journal = {Physical Review D}
}


@ARTICLE{Choi2004,
        title = "Field measurement and experimental study of wind speed profile during thunderstorms",
      journal = "Journal of Wind Engineering and Industrial Aerodynamics",
       volume = "92",
       number = "3",
        pages = "275 - 290",
         year = "2004",
         issn = "0167-6105",
          doi = "https://doi.org/10.1016/j.jweia.2003.12.001",
          url = "http://www.sciencedirect.com/science/article/pii/S0167610503002095",
       author = "Edmund C.C. Choi",
     keywords = "Thunderstorm, Downburst, Velocity profile, Wind speed, Wind direction, Terrain effect",
}


@ARTICLE{Christian2003,
       author = {Christian, Hugh J. and Blakeslee, Richard J. and Boccippio, Dennis J. and Boeck, William L. and Buechler, Dennis E. and Driscoll, Kevin T. and Goodman, Steven J. and Hall, John M. and Koshak, William J. and Mach, Douglas M. and Stewart, Michael F.},
        title = {Global frequency and distribution of lightning as observed from space by the Optical Transient Detector},
      journal = {Journal of Geophysical Research: Atmospheres},
       volume = {108},
       number = {D1},
        pages = {ACL 4-1-ACL 4-15},
     keywords = {lightning, thunderstorm, atmospheric electricity, convection, climatology, remote sensing},
          doi = {10.1029/2002JD002347},
         year = {2003}
}


@ARTICLE{Cyncynates2016,
       author = "Cyncynates, David and Chiel, Joshua and Sidhu, Jagjit and Starkman, Glenn D.",
        title = "{Reconsidering seismological constraints on the available parameter space of macroscopic dark matter}",
       eprint = "1610.09680",
archivePrefix = "arXiv",
 primaryClass = "astro-ph.CO",
          doi = "10.1103/PhysRevD.95.063006",
      journal = "Phys. Rev. D",
       volume = "95",
       number = "6",
        pages = "063006",
         year = "2017",
         note = "[Addendum: Phys.Rev.D 95, 129903 (2017)]"
}


@ARTICLE{DeRujula1984axn,
       author = "De Rujula, A. and Glashow, S. L.",
        title = "{Nuclearites: A Novel Form of Cosmic Radiation}",
      journal = "Nature",
       volume = "312",
         year = "1984",
        pages = "734-737",
          doi = "10.1038/312734a0",
 reportNumber = "HUTP-84-A057",
 SLACcitation = "%%CITATION = NATUA,312,734;%%"
}


@ARTICLE{DwyerUman2014,
       author = {Dwyer, Joseph R and Uman, Martin A},
        title = {{The physics of lightning}},
      journal = {Physics Reports},
         year = {2014},
       volume = {534},
       number = {4},
        pages = {147--241},
        month = jan
}


@ARTICLE{Dziewonski1981,
          doi = {10.1016/0031-9201(81)90046-7},
          url = {https://doi.org/10.1016/0031-9201(81)90046-7},
         year = {1981},
        month = jun,
    publisher = {Elsevier {BV}},
       volume = {25},
       number = {4},
        pages = {297--356},
       author = {Adam M. Dziewonski and Don L. Anderson},
        title = {Preliminary reference Earth model},
      journal = {Physics of the Earth and Planetary Interiors}
}


@ARTICLE{Freese2013,
          doi = {10.1103/revmodphys.85.1561},
          url = {https://doi.org/10.1103/revmodphys.85.1561},
         year = {2013},
        month = nov,
    publisher = {American Physical Society ({APS})},
       volume = {85},
       number = {4},
        pages = {1561--1581},
       author = {Katherine Freese and Mariangela Lisanti and Christopher Savage},
        title = {Colloquium: Annual modulation of dark matter},
      journal = {Reviews of Modern Physics}
}


@ARTICLE{Graham2018,
          doi = {10.1103/physrevd.98.115027},
          url = {https://doi.org/10.1103/physrevd.98.115027},
         year = {2018},
        month = dec,
    publisher = {American Physical Society ({APS})},
       volume = {98},
       number = {11},
        pages = {115027},
       author = {Peter W. Graham and Ryan Janish and Vijay Narayan and Surjeet Rajendran and Paul Riggins},
        title = {White dwarfs as dark matter detectors},
      journal = {Physical Review D}
}


@ARTICLE{Griest2013,
          doi = {10.1103/physrevlett.111.181302},
          url = {https://doi.org/10.1103/physrevlett.111.181302},
         year = {2013},
        month = oct,
    publisher = {American Physical Society ({APS})},
       volume = {111},
       number = {18},
        pages = {181302},
       author = {Kim Griest and Agnieszka M. Cieplak and Matthew J. Lehner},
        title = {New Limits on Primordial Black Hole Dark Matter from an Analysis of Kepler Source Microlensing Data},
      journal = {Physical Review Letters}
}


@ARTICLE{Hare2020,
       author = {{Hare}, B.~M. {et al}},
        title = "{Radio Emission Reveals Inner Meter-Scale Structure of Negative Lightning Leader Steps}",
      journal = {Physical Review Letters},
     keywords = {Physics - Atmospheric and Oceanic Physics, Astrophysics - Instrumentation and Methods for Astrophysics},
         year = 2020,
        month = mar,
       volume = {124},
       number = {10},
          eid = {105101},
        pages = {105101},
          doi = {10.1103/PhysRevLett.124.105101},
archivePrefix = {arXiv},
       eprint = {2007.03231},
 primaryClass = {physics.ao-ph},
       adsurl = {https://ui.adsabs.harvard.edu/abs/2020PhRvL.124j5101H},
      adsnote = {Provided by the SAO/NASA Astrophysics Data System}
}


@ARTICLE{Hill2012,
         sdoi = {10.1029/2012gl051932},
          url = {https://doi.org/10.1029/2012gl051932},
         year = {2012},
        month = may,
    publisher = {American Geophysical Union ({AGU})},
       volume = {39},
       number = {9},
        pages = {n/a--n/a},
       author = {J. D. Hill and J. Pilkey and M. A. Uman and D. M. Jordan and W. Rison and P. R. Krehbiel},
        title = {Geometrical and electrical characteristics of the initial stage in Florida triggered lightning},
      journal = {Geophysical Research Letters}
}


@ARTICLE{Hill2013,
          doi = {10.1002/jgrd.50660},
          url = {https://doi.org/10.1002/jgrd.50660},
         year = {2013},
        month = aug,
    publisher = {American Geophysical Union ({AGU})},
       volume = {118},
       number = {15},
        pages = {8460--8481},
       author = {J. D. Hill and J. Pilkey and M. A. Uman and D. M. Jordan and W. Rison and P. R. Krebhiel and M. I Biggerstaff and P. Hyland and R. Blakeslee},
        title = {Correlated lightning mapping array and radar observations of the initial stages of three sequentially triggered Florida lightning discharges},
      journal = {Journal of Geophysical Research: Atmospheres}
}

@misc{Idone1987,
       author = {Idone, Vincent P. and
                Orville, Richard E. and
                Mach, Douglas M. and
                Rust, W. David},
        title = {{The propagation speed of a positive lightning 
                 return stroke}},
        month = nov,
         year = 1987,
    publisher = {Zenodo},
          doi = {10.1029/gl014i011p01150},
          url = {https://doi.org/10.1029/gl014i011p01150}
}


@ARTICLE{IVY-MIKE1987,
       author = {Colvin, J. D. and Mitchell, C. K. and Greig, J. R. and Murphy, D. P. and Pechacek, R. E. and Raleigh, M.},
        title = {An empirical study of the nuclear explosion-induced lightning seen on IVY-MIKE},
      journal = {Journal of Geophysical Research: Atmospheres},
       volume = {92},
       number = {D5},
        pages = {5696-5712},
          doi = {10.1029/JD092iD05p05696},
         year = {1987}
}


@ARTICLE{jacobs2015macro,
       Author = {David M. Jacobs and Glenn D. Starkman and Bryan W. Lynn},
        Title = {Macro Dark Matter},
         Year = {2014},
       Eprint = {arXiv:1410.2236},
 Howpublished = {MNRAS, 450, 3418 (2015)},
          Doi = {10.1093/mnras/stv774},
      journal = {MNRAS}
}


@ARTICLE{jacobs2015resonant,
          doi = {10.1103/physrevd.91.115023},
          url = {https://doi.org/10.1103/physrevd.91.115023},
         year = {2015},
        month = jun,
    publisher = {American Physical Society ({APS})},
       volume = {91},
       number = {11},
        pages = {115023},
       author = {David M. Jacobs and Amanda Weltman and Glenn D. Starkman},
        title = {Resonant bar detector constraints on macro dark matter},
      journal = {Physical Review D}
}


@ARTICLE{Kasparian2008,
       author = {J\'{e}r\^{o}me Kasparian and Roland Ackermann and Yves-Bernard Andr\'{e} and Gr\'{e}goire M\'{e}chain and Guillaume M\'{e}jean and Bernard Prade and Philipp Rohwetter and Estelle Salmon and Kamil Stelmaszczyk and Jin Yu and Andr\'{e} Mysyrowicz and Roland Sauerbrey and Ludger W\"{o}ste and Jean-Pierre Wolf},
      journal = {Opt. Express},
     keywords = {Atmospheric propagation; Ultrafast lasers; Self-action effects; Ultrafast nonlinear optics; Plasmas; Corona discharges; Laser beams; Laser filaments; Laser operation; Laser sources; Ultrashort pulses},
       number = {8},
        pages = {5757--5763},
    publisher = {OSA},
        title = {Electric events synchronized with laser filaments in thunderclouds},
       volume = {16},
        month = {Apr},
         year = {2008},
          url = {http://www.opticsexpress.org/abstract.cfm?URI=oe-16-8-5757},
          doi = {10.1364/OE.16.005757},
}


@ARTICLE{Kuntz2015,
          doi = {10.1088/0004-637x/808/2/143},
          url = {https://doi.org/10.1088/0004-637x/808/2/143},
         year = {2015},
        month = jul,
    publisher = {{IOP} Publishing},
       volume = {808},
       number = {2},
        pages = {143},
       author = {K. D. Kuntz and others},
        title = {{T}he {S}olar {W}ind {C}harge-{E}xchange {P}roduction {F}actor {F}or {H}ydrogen},
      journal = {The Astrophysical Journal}
}


@ARTICLE{Lynn1990,
      journal = "Nuclear Physics B",
        title = "Strange baryon matter",
       volume = "345",
         year = "1990",
       author = "Bryan W. Lynn and Ann E. Nelson and Nikolaos Tetradis",
}


@misc{Lynn2010,
       Author = {Bryan W. Lynn},
        Title = {Liquid Phases in {SU(3)} {C}hiral {P}erturbation {T}heory: {D}rops of {S}trange {C}hiral {N}ucleon {L}iquid and {O}rdinary {C}hiral {H}eavy {N}uclear {L}iquid},
         Year = {2010},
       Eprint = {arXiv:1005.2124},
}


@ARTICLE{Mackerras1998,
       author = {Mackerras, David and Darveniza, Mat and Orville, Richard E. and Williams, Earle R. and Goodman, Steven J.},
        title = {Global lightning: Total, cloud and ground flash estimates},
      journal = {Journal of Geophysical Research: Atmospheres},
       volume = {103},
       number = {D16},
        pages = {19791-19809},
          doi = {10.1029/98JD01461},
         year = {1998}
}


@Book{NatGeo,
       author = {Downs, Roger},
        title = {National Geographic almanac of geography},
    publisher = {National Geographic},
         year = {2005},
      address = {Washington, D.C},
         isbn = {0-7922-3877-X}
}


@ARTICLE{Ness2004,
          doi = {10.1051/0004-6361:20035736},
          url = {https://doi.org/10.1051/0004-6361:20035736},
         year = {2004},
        month = apr,
    publisher = {{EDP} Sciences},
       volume = {418},
       number = {1},
        pages = {337--345},
       author = {J.-U. Ness and J. H. M. M. Schmitt and S. J. Wolk and K. Dennerl and V. Burwitz},
        title = {X-ray emission from Saturn},
      journal = {Astronomy {\&} Astrophysics}
}


@ARTICLE{Nelson1990iu,
       author = "Nelson, Ann E.",
        title = "{Kaon Condensation in the Early Universe}",
      journal = "Physical Letters",
       volume = "B240",
         year = "1990",
        pages = "179-182",
          doi = "10.1016/0370-2693(90)90429-A",
 reportNumber = "UCSD/PTH-90-2",
 SLACcitation = "%%CITATION = PHLTA,B240,179;%%"
}


@ARTICLE{Niikura2019,
          doi = {10.1038/s41550-019-0723-1},
          url = {https://doi.org/10.1038/s41550-019-0723-1},
         year = {2019},
        month = apr,
    publisher = {Springer Science and Business Media {LLC}},
       volume = {3},
       number = {6},
        pages = {524--534},
       author = {Hiroko Niikura and others},
        title = {Microlensing constraints on primordial black holes with Subaru/{HSC} Andromeda observations},
      journal = {Nature Astronomy}
}


@ARTICLE{Picone1983,
       author = {Picone,J. M.  and Boris,J. P. },
        title = {Vorticity generation by asymmetric energy deposition in a gaseous medium},
      journal = {The Physics of Fluids},
       volume = {26},
       number = {2},
        pages = {365-382},
         year = {1983},
          doi = {10.1063/1.864173},
}


@ARTICLE{Price1988ge,
       author = "Price, P. B.",
        title = "{Limits on Contribution of Cosmic Nuclearites to Galactic
                  Dark Matter}",
      journal = "Physical Review D",
       volume = "38",
         year = "1988",
        pages = "3813-3814",
          doi = "10.1103/PhysRevD.38.3813",
 SLACcitation = "%%CITATION = PHRVA,D38,3813;%%"
}


@ARTICLE{rocket2012,
       author = {Pilkey, J. T. and Uman, M. A. and Hill, J. D. and Ngin, T. and Gamerota, W. R. and Jordan, D. M. and Rison, W. and Krehbiel, P. R. and Edens, H. E. and Biggerstaff, M. I. and Hyland, P.},
        title = {Rocket-and-wire triggered lightning in 2012 tropical storm Debby in the absence of natural lightning},
      journal = {Journal of Geophysical Research: Atmospheres},
       volume = {118},
       number = {23},
        pages = {13,158-13,174},
     keywords = {lightning mapping array, triggered lightning},
          doi = {10.1002/2013JD020501},
         year = {2013}
}


@ARTICLE{Sidhu2018auv,
       author = "Sidhu, Jagjit Singh and Abraham, Roshan Mammen and
                  Covault, Corbin and Starkman, Glenn",
        title = "{Macro detection using fluorescence detectors}",
      journal = "JCAP",
       volume = "1902",
         year = "2019",
        pages = "037",
          doi = "10.1088/1475-7516/2019/02/037",
       eprint = "1808.06978",
 primaryClass = "astro-ph.HE",
 SLACcitation = "%%CITATION = ARXIV:1808.06978;%%"
}


@ARTICLE{Sidhu2019granite,
       author = "Sidhu, Jagjit Singh and Starkman, Glenn and Harvey, Ralph",
        title = "{Counter-top search for macroscopic dark matter}",
       eprint = "1905.10025",
archivePrefix = "arXiv",
 primaryClass = "astro-ph.HE",
          doi = "10.1103/PhysRevD.100.103015",
      journal = "Phys. Rev. D",
       volume = "100",
       number = "10",
        pages = "103015",
         year = "2019"
}


@ARTICLE{EisazadehFar2011,
          doi = {10.1115/1.4003881},
          url = {https://doi.org/10.1115/1.4003881},
         year = {2011},
        month = may,
    publisher = {{ASME} International},
       volume = {133},
       number = {2},
       author = {Kian Eisazadeh-Far and Hameed Metghalchi and James C. Keck},
        title = {Thermodynamic Properties of Ionized Gases at High Temperatures},
      journal = {Journal of Energy Resources Technology}
}


@ARTICLE{scientific_american_2008,
        title = {Do cosmic rays cause lightning?},
       author = {Scientific American},
          url = {https://www.scientificamerican.com/article/experts-do-cosmic-rays-cause-lightning/},
      journal = {Scientific American},
         year = {2008},
        month = {Jan}
}


@ARTICLE{Sidhu2019bolide,
       author = "Sidhu, Jagjit Singh and Starkman, Glenn",
        title = "{Macroscopic Dark Matter Constraints from Bolide Camera Networks}",
       eprint = "1908.00557",
archivePrefix = "arXiv",
 primaryClass = "astro-ph.CO",
          doi = "10.1103/PhysRevD.100.123008",
      journal = "Phys. Rev. D",
       volume = "100",
       number = "12",
        pages = "123008",
         year = "2019"
}


@ARTICLE{Sidhu2019death,
          doi = {10.1016/j.physletb.2020.135300},
          url = {https://doi.org/10.1016/j.physletb.2020.135300},
         year = {2020},
        month = apr,
    publisher = {Elsevier {BV}},
       volume = {803},
        pages = {135300},
       author = {Jagjit Singh Sidhu and Robert Scherrer and Glenn Starkman},
        title = {Death and serious injury from dark matter},
      journal = {Physics Letters B}
}


@ARTICLE{Sidhu2020charge,
       author = "Sidhu, Jagjit S.",
        title = "{Charge Constraints of Macroscopic Dark Matter}",
       eprint = "1912.04732",
archivePrefix = "arXiv",
 primaryClass = "astro-ph.CO",
          doi = "10.1103/PhysRevD.101.043526",
      journal = "Phys. Rev. D",
       volume = "101",
       number = "4",
        pages = "043526",
         year = "2020"
}


@misc{Sidhu2020anti,
       Author = "{Sidhu}, Jagjit S. and {Scherrer}, Robert J. and {Starkman}, Glenn D.",
        Title = {Antimatter as Macroscopic Dark Matter},
         Year = {2020},
       Eprint = {arXiv:2006.01200},
}


@ARTICLE{Sidhu2020reconsider,
       author = "{Sidhu}, Jagjit S. and {Starkman}, Glenn D.",
        title = "{Reconsidering astrophysical constraints on macroscopic dark matter}",
       eprint = "1912.04053",
archivePrefix = "arXiv",
 primaryClass = "astro-ph.CO",
          doi = "10.1103/PhysRevD.101.083503",
      journal = "Phys. Rev. D",
       volume = "101",
       number = "8",
        pages = "083503",
         year = "2020"
}


@ARTICLE{Tanabashi2018,
        title = {Review of {P}article {P}hysics},
       author = {Tanabashi, M. and others},
collaboration = {Particle Data Group},
      journal = {Phys. Rev. D},
       volume = {98},
        issue = {3},
        pages = {030001},
     numpages = {1898},
         year = {2018},
        month = {Aug},
    publisher = {American Physical Society},
          doi = {10.1103/PhysRevD.98.030001},
          url = {https://link.aps.org/doi/10.1103/PhysRevD.98.030001}
}


@ARTICLE{Tisserand2007,
          doi = {10.1051/0004-6361:20066017},
          url = {https://doi.org/10.1051/0004-6361:20066017},
         year = {2007},
        month = apr,
    publisher = {{EDP} Sciences},
       volume = {469},
       number = {2},
        pages = {387--404},
       author = {P. Tisserand and others},
        title = {Limits on the Macho content of the Galactic Halo from the {EROS}-2 Survey of the Magellanic Clouds},
      journal = {Astronomy {\&} Astrophysics}
}


@ARTICLE{Wang1999,
          doi = {10.1029/1998jd200070},
          url = {https://doi.org/10.1029/1998jd200070},
         year = {1999},
        month = jan,
    publisher = {American Geophysical Union ({AGU})},
       volume = {104},
       number = {D2},
        pages = {2143--2150},
       author = {D. Wang and V. A. Rakov and M. A. Uman and N. Takagi and T. Watanabe and D. E. Crawford and K. J. Rambo and G. H. Schnetzer and R. J. Fisher and Z.-I. Kawasaki},
        title = {Attachment process in rocket-triggered lightning strokes},
      journal = {Journal of Geophysical Research: Atmospheres}
}


@ARTICLE{Wilkinson2014angular,
          doi = {10.1088/1475-7516/2014/04/026},
          url = {https://doi.org/10.1088/1475-7516/2014/04/026},
         year = {2014},
        month = apr,
    publisher = {{IOP} Publishing},
       volume = {2014},
       number = {04},
        pages = {026--026},
       author = {Ryan J. Wilkinson and Julien Lesgourgues and C$\lbrace${\'{e}}$\rbrace$line B{\oe}hm},
        title = {Using the {CMB} angular power spectrum to study Dark Matter-photon interactions},
      journal = {Journal of Cosmology and Astroparticle Physics}
}


@ARTICLE{Witten1984,
          doi = {10.1103/physrevd.30.272},
          url = {https://doi.org/10.1103/physrevd.30.272},
         year = {1984},
        month = jul,
    publisher = {American Physical Society ({APS})},
       volume = {30},
       number = {2},
        pages = {272--285},
       author = {Edward Witten},
        title = {Cosmic separation of phases},
      journal = {Physical Review D}
}


@ARTICLE{Zhitnitsky2003,
          doi = {10.1088/1475-7516/2003/10/010},
          url = {https://doi.org/10.1088/1475-7516/2003/10/010},
         year = {2003},
        month = oct,
    publisher = {{IOP} Publishing},
       volume = {2003},
       number = {10},
        pages = {010--010},
       author = {Ariel R Zhitnitsky},
        title = {{\textasciigrave}Nonbaryonic{\textquotesingle} dark matter as baryonic colour superconductor},
      journal = {Journal of Cosmology and Astroparticle Physics}
}


@ARTICLE{Zimbabwe,
        title = {Rare straight lightning over Zimbabwe},
       author = {Peter Lowenstein},
     journal  = {Rare straight lightning over Zimbabwe, https://earthsky.org/todays-image/rare-straight-lightning-over-zimbabwe},
         year = {Accessed: 06.13.2020}
}


@ARTICLE{code_Astropy2013,
       author = {{Astropy Collaboration} and {Astropy Contributors et al.}
        },
        title = "{Astropy: A community Python package for astronomy}",
      journal = {Astronomy and Astrophysics {AAP}},
     keywords = {methods: data analysis, methods: miscellaneous, virtual observatory tools, Astrophysics - Instrumentation and Methods for Astrophysics},
         year = {2013},
        month = {Oct},
       volume = {558},
          eid = {A33},
        pages = {A33},
          doi = {10.1051/0004-6361/201322068},
archivePrefix = {arXiv},
       eprint = {1307.6212},
 primaryClass = {astro-ph.IM},
       adsurl = {https://ui.adsabs.harvard.edu/abs/2013A&A...558A..33A},
      adsnote = {Provided by the SAO/NASA Astrophysics Data System}
}


@ARTICLE{code_Astropy2018,
       author = {{Astropy Collaboration} and {Astropy Contributors et al.}
        },
        title = "{The Astropy Project: Building an Open-science Project and Status of the v2.0 Core Package}",
      journal = {Astronomical Journal {AJ}},
     keywords = {methods: data analysis, methods: miscellaneous, methods: statistical, reference systems, Astrophysics - Instrumentation and Methods for Astrophysics},
         year = {2018},
        month = {Sep},
       volume = {156},
       number = {3},
          eid = {123},
        pages = {123},
          doi = {10.3847/1538-3881/aabc4f},
archivePrefix = {arXiv},
       eprint = {1801.02634},
 primaryClass = {astro-ph.IM},
       adsurl = {https://ui.adsabs.harvard.edu/abs/2018AJ....156..123A},
      adsnote = {Provided by the SAO/NASA Astrophysics Data System}
}


@ARTICLE{code_Perez2007,
       author = {{Perez}, Fernando and {Granger}, Brian E.},
        title = "{IPython: A System for Interactive Scientific Computing}",
      journal = {Computing in Science and Engineering},
         year = "2007",
        month = "Jan",
       volume = {9},
       number = {3},
        pages = {21-29},
          doi = {10.1109/MCSE.2007.53},
       adsurl = {https://ui.adsabs.harvard.edu/abs/2007CSE.....9c..21P},
      adsnote = {Provided by the SAO/NASA Astrophysics Data System}
}


@ARTICLE{code_Hunter2007,
       author = {Hunter,John D. },
        title = {Matplotlib: A 2D Graphics Environment},
      journal = {Computing in Science \& Engineering},
       volume = {9},
       number = {3},
        pages = {90-95},
         year = {2007},
          doi = {10.1109/MCSE.2007.55},
          URL = {https://aip.scitation.org/doi/abs/10.1109/MCSE.2007.55},
       eprint = {https://aip.scitation.org/doi/pdf/10.1109/MCSE.2007.55}
}


@ARTICLE{code_Walt2011,
       author = {Walt,StÃ©fan van der  and Colbert,S. Chris  and Varoquaux,GaÃ«l },
        title = {The NumPy Array: A Structure for Efficient Numerical Computation},
      journal = {Computing in Science \& Engineering},
       volume = {13},
       number = {2},
        pages = {22-30},
         year = {2011},
          doi = {10.1109/MCSE.2011.37},
          URL = {https://aip.scitation.org/doi/abs/10.1109/MCSE.2011.37},
       eprint = {https://aip.scitation.org/doi/pdf/10.1109/MCSE.2011.37}
}


@ARTICLE{code_utilipy2020,
        title = {nstarman/utilipy: v1.0.1 with DOI fix},
          DOI = {10.5281/zenodo.3740639},
 abstractNote = {<p>one push more recent than v1.0.1 to include a fix to the Zenodo DOI.</p>},
    publisher = {Zenodo},
      journal = {Zenodo},
       author = {{Starkman}, Nathaniel},
         year = {2020},
        month = {Apr}
}


@misc{code_starkplot2020,
       author = {{Starkman}, Nathaniel},
        title = {nstarman/starkplot: v0.1.0},
        month = jan,
         year = 2020,
    publisher = {Zenodo},
      journal = {Zenodo},
      version = {v0.1.0},
          doi = {10.5281/zenodo.3610363},
          url = {https://doi.org/10.5281/zenodo.3610363}
}


@ARTICLE{code_macrolightning2020,
       author = {{Starkman}, Nathaniel and {Jagjit}, Sidhu and {Winch}, Harrison and {Starkman}, Glenn},
        title = {cwru-pat/macro_lightning: Code Release},
          DOI = {10.5281/zenodo.3926341},
 abstractNote = {Constrain Macro-DM with lightning, on Earth and Jupiter.},
    publisher = {Zenodo},
      journal = {Zenodo},
         year = {2020},
        month = {Jul}
}